@article{1,
   url={http://dx.doi.org/10.22331/q-2022-09-29-822},
   DOI={10.22331/q-2022-09-29-822}},
@article{2,
   url={http://dx.doi.org/10.1038/nature09175},
   DOI={10.1038/nature09175}},
@article{3,
url={http://dx.doi.org/10.1364/OE.15.015377},
title={A wavelength-tunable fiber-coupled source of narrowband entangled photons},
DOI={10.1364/OE.15.015377}
},
@inproceedings{4,
url={https://opg.optica.org/abstract.cfm?URI=QELS-2006-JTuH5},
},
@article{5,
   url={http://dx.doi.org/10.1364/OE.20.009640},
   DOI={10.1364/oe.20.009640}}
