@article{deny_hamel, title={Realization of novel entangled photon sources using periodically poled materials},
author={Hamel, R. Deny},
DOI={http://hdl.handle.net/10012/5575}
}

@article{clerk_devoret_girvin_marquardt_schoelkopf_2010, title={Introduction to quantum noise, measurement, and amplification},
	volume={82},
	DOI={10.1103/revmodphys.82.1155},
	number={2},
	journal={Reviews of Modern Physics},
	author={Clerk, A. A. and Devoret, M. H. and Girvin, S. M. and Marquardt, Florian and Schoelkopf, R. J.},
	year={2010},
	pages={1155â€“1208}
}

